<record><leader>00000cas a22000007a 4500</leader><controlfield tag="001">21337664</controlfield><controlfield tag="008">900406d190119uumduwr ne      0    0eng d</controlfield><datafield ind1=" " ind2=" " tag="010"><subfield code="a">sn 90057092 </subfield></datafield><datafield ind1=" " ind2=" " tag="040"><subfield code="a">MFN</subfield><subfield code="b">eng</subfield><subfield code="c">MFN</subfield><subfield code="d">OCLCQ</subfield></datafield><datafield ind1=" " ind2=" " tag="042"><subfield code="a">msc</subfield></datafield><datafield ind1="0" ind2=" " tag="130"><subfield code="a">Index (Rockville, Md.)</subfield></datafield><datafield ind1="1" ind2="4" tag="245"><subfield code="a">The index.</subfield></datafield><datafield ind1=" " ind2=" " tag="260"><subfield code="a">Rockville, Md. :</subfield><subfield code="b">Index Pub. Co.</subfield></datafield><datafield ind1=" " ind2=" " tag="300"><subfield code="a">v.</subfield></datafield><datafield ind1=" " ind2=" " tag="310"><subfield code="a">Weekly</subfield></datafield><datafield ind1="1" ind2=" " tag="362"><subfield code="a">Began in 1901.</subfield></datafield><datafield ind1=" " ind2=" " tag="588"><subfield code="a">Description based on: Vol. 1, no. 4 (Apr. 11, 1901).</subfield></datafield><datafield ind1=" " ind2=" " tag="752"><subfield code="a">United States</subfield><subfield code="b">Maryland</subfield><subfield code="c">Montgomery</subfield><subfield code="d">Rockville.</subfield></datafield></record>